%% This BibTeX bibliography file was created using BibDesk.
%% http://bibdesk.sourceforge.net/

%% Created for Debduth Pijush at 2017-05-08 10:24:47 -0400 


%% Saved with string encoding Unicode (UTF-8) 



@article{telomere,
	Author = {Richard Allsopp},
	Date-Added = {2017-05-08 13:40:46 +0000},
	Date-Modified = {2017-05-08 13:41:22 +0000},
	Journal = {Cell Research},
	Pages = {614-615},
	Title = {Telomere length and iPSC re-programming: survival of the longest},
	Volume = {22},
	Year = {2012}}

@article{evolution,
	Author = {Borneman AR, Gianoulis TA, Zhang ZD, Yu H, Rozowsky J, Seringhaus MR, Wang LY, Gerstein M, Snyder M.},
	Date-Added = {2017-05-08 11:30:59 +0000},
	Date-Modified = {2017-05-08 11:44:10 +0000},
	Journal = {Science},
	Number = {5839},
	Pages = {815-9},
	Title = {Divergence of transcription factor binding sites across related yeast species.},
	Volume = {317},
	Year = {2007}}
